@article{canfield1941application,
  title={Application of the line interception method in sampling range vegetation},
  author={Canfield, R Hi},
  journal={Journal of forestry},
  volume={39},
  number={4},
  pages={388--394},
  year={1941},
  publisher={Oxford University Press}
}

@article{bauer1943statistical,
  title={The statistical analysis of chaparral and other plant communities by means of transect samples},
  author={Bauer, Harry L},
  journal={Ecology},
  volume={24},
  number={1},
  pages={45--60},
  year={1943},
  publisher={JSTOR}
}

@article{goodall1952some,
  title={Some considerations in the use of point quadrats for the analysis of vegetation},
  author={Goodall, David W},
  journal={Australian Journal of Biological Sciences},
  volume={5},
  number={1},
  pages={1--41},
  year={1952},
  publisher={CSIRO Publishing}
}

